
@article{unwalla_latex_2006,
	title = {{LaTeX} Introduction},
	journal = {Communicator},
	author = {Unwalla, M.},
	year = {2006},
	pages = {33}
}

@misc{plagiarism,
	author = "{Imperial College London}",
	title = "Plagiarism advice for undergraduate students",
	year = "2014",
	url = "http://www3.imperial.ac.uk/library/subjectsandsupport/plagiarism/undergrads",
	note = "[Online; accessed 09-August-2014]"
}

@article{cox_regression_1972,
	title = {Regression Models and Life-Tables},
	volume = {34},
	number = {2},
	journal = {Journal of the Royal Statistical Society. Series B (Methodological)},
	author = {Cox, D. R.},
	year = {1972},
	pages = {187--220}
}

@book{mccullagh_generalized_1989,
	title = {Generalized Linear Models},
	publisher = {Taylor \& Francis},
	author = {McCullagh, P. and Nelder, J.~A.},
	edition = {Second},
	year = {1989}
}