%% This BibTeX bibliography file was created using BibDesk.
%% http://bibdesk.sourceforge.net/


%% Created for Thomas Vogel at 2015-08-30 14:12:46 +0100 


%% Saved with string encoding Unicode (UTF-8) 



@book{Bishop:1995:NNP:525960,
	Address = {New York, NY, USA},
	Author = {Bishop, Christopher M.},
	Date-Added = {2015-08-30 13:12:00 +0000},
	Date-Modified = {2015-08-30 13:12:00 +0000},
	Isbn = {0198538642},
	Publisher = {Oxford University Press, Inc.},
	Title = {Neural Networks for Pattern Recognition},
	Year = {1995}}

@article{Deep_Learning_overview,
	Author = {J. Schmidhuber},
	Date-Added = {2015-08-30 10:15:57 +0000},
	Date-Modified = {2015-08-30 10:16:19 +0000},
	Doi = {10.1016/j.neunet.2014.09.003},
	Journal = {Neural Networks},
	Note = {Published online 2014; based on TR arXiv:1404.7828 [cs.NE]},
	Pages = {85-117},
	Title = {Deep Learning in Neural Networks: An Overview},
	Volume = {61},
	Year = {2015},
	Bdsk-Url-1 = {http://dx.doi.org/10.1016/j.neunet.2014.09.003}}

@article{NYT_article,
	Author = {John Markoff},
	Date-Added = {2015-08-30 10:07:32 +0000},
	Date-Modified = {2015-08-30 10:11:38 +0000},
	Journal = {New York Times},
	Month = {November},
	Title = {Scientists See Promise in Deep-Learning Programs},
	Year = {2012}}

@book{Nielsen,
	Author = {Michael A. Nielsen},
	Date-Added = {2015-08-30 06:40:56 +0000},
	Date-Modified = {2015-08-30 13:12:46 +0000},
	Publisher = {Determination Press},
	Title = {Neural Networks and Deep Learning},
	Year = {2015}}

@unpublished{Bengio-et-al-2015-Book,
	Author = {Yoshua Bengio and Ian J. Goodfellow and Aaron Courville},
	Date-Added = {2015-08-30 06:12:25 +0000},
	Date-Modified = {2015-08-30 06:12:25 +0000},
	Note = {Book in preparation for MIT Press},
	Title = {Deep Learning},
	Url = {http://www.iro.umontreal.ca/~bengioy/dlbook},
	Year = {2015},
	Bdsk-Url-1 = {http://www.iro.umontreal.ca/~bengioy/dlbook}}

@techreport{Bengio-tricks-arxiv2012,
	Author = {Bengio, Yoshua},
	Date-Added = {2015-08-29 12:52:42 +0000},
	Date-Modified = {2015-08-29 12:52:42 +0000},
	Institution = {Universit{\'{e}} de Montr{\'{e}}al},
	Number = {Arxiv report 1206.5533},
	Title = {Practical recommendations for gradient-based training of deep architectures},
	Url = {http://arxiv.org/abs/1206.5533},
	Year = {2012},
	Bdsk-Url-1 = {http://arxiv.org/abs/1206.5533}}

@misc{Sutskever_onthe,
	Author = {Ilya Sutskever and James Martens and George Dahl and Geoffrey Hinton},
	Date-Added = {2015-08-29 12:52:06 +0000},
	Date-Modified = {2015-08-29 12:52:06 +0000},
	Title = {On the importance of initialization and momentum in deep learning}}

@incollection{NIPS2010_4133,
	Author = {Kavukcuoglu, Koray and Pierre Sermanet and Y-lan Boureau and Karol Gregor and Michael Mathieu and Yann L. Cun},
	Booktitle = {Advances in Neural Information Processing Systems 23},
	Date-Added = {2015-08-29 12:51:36 +0000},
	Date-Modified = {2015-08-29 12:51:36 +0000},
	Editor = {J.D. Lafferty and C.K.I. Williams and J. Shawe-Taylor and R.S. Zemel and A. Culotta},
	Pages = {1090--1098},
	Publisher = {Curran Associates, Inc.},
	Title = {Learning Convolutional Feature Hierarchies for Visual Recognition},
	Url = {http://papers.nips.cc/paper/4133-learning-convolutional-feature-hierarchies-for-visual-recognition.pdf},
	Year = {2010},
	Bdsk-Url-1 = {http://papers.nips.cc/paper/4133-learning-convolutional-feature-hierarchies-for-visual-recognition.pdf}}

@article{Larochelle:2009:EST:1577069.1577070,
	Acmid = {1577070},
	Author = {Larochelle, Hugo and Bengio, Yoshua and Louradour, J{\'e}r\^{o}me and Lamblin, Pascal},
	Date-Added = {2015-08-29 12:51:04 +0000},
	Date-Modified = {2015-08-29 12:51:04 +0000},
	Issn = {1532-4435},
	Issue_Date = {12/1/2009},
	Journal = {J. Mach. Learn. Res.},
	Month = jun,
	Numpages = {40},
	Pages = {1--40},
	Publisher = {JMLR.org},
	Title = {Exploring Strategies for Training Deep Neural Networks},
	Url = {http://dl.acm.org/citation.cfm?id=1577069.1577070},
	Volume = {10},
	Year = {2009},
	Bdsk-Url-1 = {http://dl.acm.org/citation.cfm?id=1577069.1577070}}

@article{JMLR:v15:srivastava14a,
	Author = {Nitish Srivastava and Geoffrey Hinton and Alex Krizhevsky and Ilya Sutskever and Ruslan Salakhutdinov},
	Date-Added = {2015-08-29 12:50:28 +0000},
	Date-Modified = {2015-08-29 12:50:28 +0000},
	Journal = {Journal of Machine Learning Research},
	Pages = {1929-1958},
	Title = {Dropout: A Simple Way to Prevent Neural Networks from Overfitting},
	Url = {http://jmlr.org/papers/v15/srivastava14a.html},
	Volume = {15},
	Year = {2014},
	Bdsk-Url-1 = {http://jmlr.org/papers/v15/srivastava14a.html}}

@inproceedings{AISTATS2011_GlorotBB11,
	Author = {Xavier Glorot and Antoine Bordes and Yoshua Bengio},
	Booktitle = {Proceedings of the Fourteenth International Conference on Artificial Intelligence and Statistics (AISTATS-11)},
	Date-Added = {2015-08-29 12:49:57 +0000},
	Date-Modified = {2015-08-29 12:49:57 +0000},
	Editor = {Geoffrey J. Gordon and David B. Dunson},
	Pages = {315-323},
	Publisher = {Journal of Machine Learning Research - Workshop and Conference Proceedings},
	Title = {Deep Sparse Rectifier Neural Networks},
	Url = {http://www.jmlr.org/proceedings/papers/v15/glorot11a/glorot11a.pdf},
	Volume = {15},
	Year = {2011},
	Bdsk-Url-1 = {http://www.jmlr.org/proceedings/papers/v15/glorot11a/glorot11a.pdf}}

@incollection{NIPS2012_4741,
	Author = {Dan Ciresan and Alessandro Giusti and Luca M. Gambardella and Schmidhuber, J\"{u}rgen},
	Booktitle = {Advances in Neural Information Processing Systems 25},
	Date-Added = {2015-08-29 12:49:22 +0000},
	Date-Modified = {2015-08-29 12:49:22 +0000},
	Editor = {F. Pereira and C.J.C. Burges and L. Bottou and K.Q. Weinberger},
	Pages = {2843--2851},
	Publisher = {Curran Associates, Inc.},
	Title = {Deep Neural Networks Segment Neuronal Membranes in Electron Microscopy Images},
	Url = {http://papers.nips.cc/paper/4741-deep-neural-networks-segment-neuronal-membranes-in-electron-microscopy-images.pdf},
	Year = {2012},
	Bdsk-Url-1 = {http://papers.nips.cc/paper/4741-deep-neural-networks-segment-neuronal-membranes-in-electron-microscopy-images.pdf}}

@incollection{CireAan:2013aa,
	Author = {Cire{\AA}an, DanC. and Giusti, Alessandro and Gambardella, LucaM. and Schmidhuber, J{\~A}{\OE}rgen},
	Booktitle = {Medical Image Computing and Computer-Assisted Intervention {\^a} MICCAI 2013},
	Date-Added = {2015-08-29 12:45:36 +0000},
	Date-Modified = {2015-08-29 12:45:48 +0000},
	Doi = {10.1007/978-3-642-40763-5_51},
	Editor = {Mori, Kensaku and Sakuma, Ichiro and Sato, Yoshinobu and Barillot, Christian and Navab, Nassir},
	Isbn = {978-3-642-40762-8},
	Language = {English},
	Pages = {411-418},
	Publisher = {Springer Berlin Heidelberg},
	Series = {Lecture Notes in Computer Science},
	Title = {Mitosis Detection in Breast Cancer Histology Images with Deep Neural Networks},
	Url = {http://dx.doi.org/10.1007/978-3-642-40763-5_51},
	Volume = {8150},
	Year = {2013},
	Bdsk-Url-1 = {http://dx.doi.org/10.1007/978-3-642-40763-5_51}}

@article{Bengio:2013:RLR:2498740.2498889,
	Acmid = {2498889},
	Address = {Washington, DC, USA},
	Author = {Bengio, Yoshua and Courville, Aaron and Vincent, Pascal},
	Date-Added = {2015-08-29 12:38:17 +0000},
	Date-Modified = {2015-08-29 12:38:17 +0000},
	Doi = {10.1109/TPAMI.2013.50},
	Issn = {0162-8828},
	Issue_Date = {August 2013},
	Journal = {IEEE Trans. Pattern Anal. Mach. Intell.},
	Keywords = {Learning systems,Machine learning,Abstracts,Feature extraction,Manifolds,Neural networks,Speech recognition,neural nets,Deep learning,representation learning,feature learning,unsupervised learning,Boltzmann machine,autoencoder},
	Month = aug,
	Number = {8},
	Numpages = {31},
	Pages = {1798--1828},
	Publisher = {IEEE Computer Society},
	Title = {Representation Learning: A Review and New Perspectives},
	Url = {http://dx.doi.org/10.1109/TPAMI.2013.50},
	Volume = {35},
	Year = {2013},
	Bdsk-Url-1 = {http://dx.doi.org/10.1109/TPAMI.2013.50}}

@article{Bengio:2009:LDA:1658423.1658424,
	Acmid = {1658424},
	Address = {Hanover, MA, USA},
	Author = {Bengio, Yoshua},
	Date-Added = {2015-08-29 12:37:50 +0000},
	Date-Modified = {2015-08-29 12:37:50 +0000},
	Doi = {10.1561/2200000006},
	Issn = {1935-8237},
	Issue_Date = {January 2009},
	Journal = {Found. Trends Mach. Learn.},
	Month = jan,
	Number = {1},
	Numpages = {127},
	Pages = {1--127},
	Publisher = {Now Publishers Inc.},
	Title = {Learning Deep Architectures for AI},
	Url = {http://dx.doi.org/10.1561/2200000006},
	Volume = {2},
	Year = {2009},
	Bdsk-Url-1 = {http://dx.doi.org/10.1561/2200000006}}

@article{NIPS2012_4824,
	Author = {Alex Krizhevsky and Sutskever, Ilya and Geoffrey E. Hinton},
	Booktitle = {Advances in Neural Information Processing Systems 25},
	Date-Added = {2015-08-29 12:37:10 +0000},
	Date-Modified = {2015-08-29 12:38:38 +0000},
	Editor = {F. Pereira and C.J.C. Burges and L. Bottou and K.Q. Weinberger},
	Pages = {1097--1105},
	Publisher = {Curran Associates, Inc.},
	Title = {ImageNet Classification with Deep Convolutional Neural Networks},
	Url = {http://papers.nips.cc/paper/4824-imagenet-classification-with-deep-convolutional-neural-networks.pdf},
	Year = {2012},
	Bdsk-Url-1 = {http://papers.nips.cc/paper/4824-imagenet-classification-with-deep-convolutional-neural-networks.pdf}}

@article{Lecun98gradient-basedlearning,
	Author = {Yann Lecun and L{\'e}on Bottou and Yoshua Bengio and Patrick Haffner},
	Booktitle = {Proceedings of the IEEE},
	Date-Added = {2015-08-29 12:36:22 +0000},
	Date-Modified = {2015-08-29 12:38:47 +0000},
	Pages = {2278--2324},
	Title = {Gradient-based learning applied to document recognition},
	Year = {1998}}

@article{going_deeper_with_convolutions,
	Author = {Christian Szegedy and Wei Liu and Yangqing Jia and Pierre Sermanet and Scott Reed and Dragomir Anguelov and Dumitru Erhan and Vincent Vanhoucke and Andrew Rabinovich},
	Bibsource = {dblp computer science bibliography, http://dblp.org},
	Biburl = {http://dblp.uni-trier.de/rec/bib/journals/corr/SzegedyLJSRAEVR14},
	Date-Added = {2015-08-29 12:34:53 +0000},
	Date-Modified = {2015-08-29 12:35:29 +0000},
	Journal = {CoRR},
	Timestamp = {Wed, 01 Oct 2014 15:00:05 +0200},
	Title = {Going Deeper with Convolutions},
	Url = {http://arxiv.org/abs/1409.4842},
	Volume = {abs/1409.4842},
	Year = {2014},
	Bdsk-Url-1 = {http://arxiv.org/abs/1409.4842}}
